<?xml version="1.0" encoding="UTF-8"?><record xmlns="http://www.loc.gov/MARC21/slim" xmlns:cinclude="http://apache.org/cocoon/include/1.0" xmlns:zs="http://www.loc.gov/zing/srw/">
  <leader>00695nz  a2200133n  4500</leader>
  <controlfield tag="001">no2009011315</controlfield>
  <controlfield tag="003">DLC</controlfield>
  <controlfield tag="005">20090128075348.0</controlfield>
  <controlfield tag="008">090126n| acannaabn          |n ana     c</controlfield>
  <datafield tag="010" ind1=" " ind2=" ">
    <subfield code="a">no2009011315</subfield>
  </datafield>
  <datafield tag="035" ind1=" " ind2=" ">
    <subfield code="a">(OCoLC)oca07995720</subfield>
  </datafield>
  <datafield tag="040" ind1=" " ind2=" ">
    <subfield code="a">MsSM</subfield>
    <subfield code="b">eng</subfield>
    <subfield code="c">MsSM</subfield>
  </datafield>
  <datafield tag="110" ind1="2" ind2=" ">
    <subfield code="a">Mississippi State University.</subfield>
    <subfield code="b">Mississippi Educational Services Center.</subfield>
    <subfield code="b">General Assistance Center</subfield>
  </datafield>
  <datafield tag="670" ind1=" " ind2=" ">
    <subfield code="a">Annual report, General Assistance Center, 1974:</subfield>
    <subfield code="b">p. 1 (The Mississippi Educational Services Center, comprised of the General Assistance Center and the Special Training Institute on School Desegregation in Mississippi is operated under the administrative supervision of the Dean of the Division of Continuing Education)</subfield>
  </datafield>
</record>